%YAML 1.1
%TAG !u! tag:unity3d.com,2011:
--- !u!1 &100000
GameObject:
  m_ObjectHideFlags: 0
  m_PrefabParentObject: {fileID: 0}
  m_PrefabInternal: {fileID: 100100000}
  serializedVersion: 4
  m_Component:
  - 4: {fileID: 400000}
  - 33: {fileID: 3300000}
  - 23: {fileID: 2300000}
  - 65: {fileID: 6551678}
  - 65: {fileID: 6531180}
  - 65: {fileID: 6538660}
  - 65: {fileID: 6500108}
  - 65: {fileID: 6500368}
  m_Layer: 0
  m_Name: Building_Cottage_02
  m_TagString: Untagged
  m_Icon: {fileID: 0}
  m_NavMeshLayer: 0
  m_StaticEditorFlags: 4294967295
  m_IsActive: 1
--- !u!1 &123574
GameObject:
  m_ObjectHideFlags: 0
  m_PrefabParentObject: {fileID: 0}
  m_PrefabInternal: {fileID: 100100000}
  serializedVersion: 4
  m_Component:
  - 4: {fileID: 466360}
  - 65: {fileID: 6545924}
  m_Layer: 0
  m_Name: GenericColliderHelper
  m_TagString: Untagged
  m_Icon: {fileID: 0}
  m_NavMeshLayer: 0
  m_StaticEditorFlags: 4294967295
  m_IsActive: 1
--- !u!1 &138842
GameObject:
  m_ObjectHideFlags: 0
  m_PrefabParentObject: {fileID: 0}
  m_PrefabInternal: {fileID: 100100000}
  serializedVersion: 4
  m_Component:
  - 4: {fileID: 499412}
  - 65: {fileID: 6567868}
  m_Layer: 0
  m_Name: GenericColliderHelper (1)
  m_TagString: Untagged
  m_Icon: {fileID: 0}
  m_NavMeshLayer: 0
  m_StaticEditorFlags: 4294967295
  m_IsActive: 1
--- !u!4 &400000
Transform:
  m_ObjectHideFlags: 1
  m_PrefabParentObject: {fileID: 0}
  m_PrefabInternal: {fileID: 100100000}
  m_GameObject: {fileID: 100000}
  m_LocalRotation: {x: 0, y: 0.7071068, z: 0, w: 0.7071067}
  m_LocalPosition: {x: -172.58911, y: -111.47624, z: -60.111572}
  m_LocalScale: {x: 1, y: 1, z: 1}
  m_Children:
  - {fileID: 466360}
  - {fileID: 499412}
  m_Father: {fileID: 0}
  m_RootOrder: 0
--- !u!4 &466360
Transform:
  m_ObjectHideFlags: 1
  m_PrefabParentObject: {fileID: 0}
  m_PrefabInternal: {fileID: 100100000}
  m_GameObject: {fileID: 123574}
  m_LocalRotation: {x: 0.25398037, y: 0.65991974, z: -0.25398043, w: 0.6599196}
  m_LocalPosition: {x: 2.73, y: 7.91, z: -1.97}
  m_LocalScale: {x: 1, y: 1, z: 1}
  m_Children: []
  m_Father: {fileID: 400000}
  m_RootOrder: 0
--- !u!4 &499412
Transform:
  m_ObjectHideFlags: 1
  m_PrefabParentObject: {fileID: 0}
  m_PrefabInternal: {fileID: 100100000}
  m_GameObject: {fileID: 138842}
  m_LocalRotation: {x: -0.24936712, y: 0.66167676, z: 0.24936716, w: 0.66167665}
  m_LocalPosition: {x: -3.1, y: 10.27, z: -1.97}
  m_LocalScale: {x: 1, y: 1, z: 1}
  m_Children: []
  m_Father: {fileID: 400000}
  m_RootOrder: 1
--- !u!23 &2300000
MeshRenderer:
  m_ObjectHideFlags: 1
  m_PrefabParentObject: {fileID: 0}
  m_PrefabInternal: {fileID: 100100000}
  m_GameObject: {fileID: 100000}
  m_Enabled: 1
  m_CastShadows: 1
  m_ReceiveShadows: 1
  m_Materials:
  - {fileID: 2100000, guid: 04af6b6032008134e857eb11b6e96dcb, type: 2}
  m_SubsetIndices: 
  m_StaticBatchRoot: {fileID: 0}
  m_UseLightProbes: 0
  m_ReflectionProbeUsage: 1
  m_ProbeAnchor: {fileID: 0}
  m_ScaleInLightmap: 1
  m_PreserveUVs: 0
  m_IgnoreNormalsForChartDetection: 0
  m_ImportantGI: 0
  m_MinimumChartSize: 4
  m_AutoUVMaxDistance: 0.5
  m_AutoUVMaxAngle: 89
  m_LightmapParameters: {fileID: 0}
  m_SortingLayerID: 0
  m_SortingOrder: 0
--- !u!33 &3300000
MeshFilter:
  m_ObjectHideFlags: 1
  m_PrefabParentObject: {fileID: 0}
  m_PrefabInternal: {fileID: 100100000}
  m_GameObject: {fileID: 100000}
  m_Mesh: {fileID: 4300000, guid: b9b3ee553da16524faf6950e93790589, type: 3}
--- !u!65 &6500108
BoxCollider:
  m_ObjectHideFlags: 1
  m_PrefabParentObject: {fileID: 0}
  m_PrefabInternal: {fileID: 100100000}
  m_GameObject: {fileID: 100000}
  m_Material: {fileID: 0}
  m_IsTrigger: 0
  m_Enabled: 1
  serializedVersion: 2
  m_Size: {x: 3.9528742, y: 3.9074574, z: 3.298961}
  m_Center: {x: 1.881499, y: 8.895133, z: -2.84}
--- !u!65 &6500368
BoxCollider:
  m_ObjectHideFlags: 1
  m_PrefabParentObject: {fileID: 0}
  m_PrefabInternal: {fileID: 100100000}
  m_GameObject: {fileID: 100000}
  m_Material: {fileID: 0}
  m_IsTrigger: 0
  m_Enabled: 1
  serializedVersion: 2
  m_Size: {x: 1.3105007, y: 13.296501, z: 0.9991828}
  m_Center: {x: -1.6055899, y: 6.6482544, z: -6.988891}
--- !u!65 &6531180
BoxCollider:
  m_ObjectHideFlags: 1
  m_PrefabParentObject: {fileID: 0}
  m_PrefabInternal: {fileID: 100100000}
  m_GameObject: {fileID: 100000}
  m_Material: {fileID: 0}
  m_IsTrigger: 0
  m_Enabled: 1
  serializedVersion: 2
  m_Size: {x: 6.0635214, y: 3.420906, z: 14.635511}
  m_Center: {x: -1.5109941, y: 7.4109325, z: 0.30709785}
--- !u!65 &6538660
BoxCollider:
  m_ObjectHideFlags: 1
  m_PrefabParentObject: {fileID: 0}
  m_PrefabInternal: {fileID: 100100000}
  m_GameObject: {fileID: 100000}
  m_Material: {fileID: 0}
  m_IsTrigger: 0
  m_Enabled: 1
  serializedVersion: 2
  m_Size: {x: 3.9528742, y: 3.9074574, z: 3.298961}
  m_Center: {x: 1.881499, y: 8.895133, z: 3.474961}
--- !u!65 &6545924
BoxCollider:
  m_ObjectHideFlags: 1
  m_PrefabParentObject: {fileID: 0}
  m_PrefabInternal: {fileID: 100100000}
  m_GameObject: {fileID: 123574}
  m_Material: {fileID: 0}
  m_IsTrigger: 0
  m_Enabled: 1
  serializedVersion: 2
  m_Size: {x: 15.005561, y: 0.63092566, z: 8.058124}
  m_Center: {x: -2.115737, y: -0.18506183, z: -1.79621}
--- !u!65 &6551678
BoxCollider:
  m_ObjectHideFlags: 1
  m_PrefabParentObject: {fileID: 0}
  m_PrefabInternal: {fileID: 100100000}
  m_GameObject: {fileID: 100000}
  m_Material: {fileID: 0}
  m_IsTrigger: 0
  m_Enabled: 1
  serializedVersion: 2
  m_Size: {x: 14.116732, y: 5.640703, z: 14.58358}
  m_Center: {x: -0.13319401, y: 2.8203516, z: 0.120834306}
--- !u!65 &6567868
BoxCollider:
  m_ObjectHideFlags: 1
  m_PrefabParentObject: {fileID: 0}
  m_PrefabInternal: {fileID: 100100000}
  m_GameObject: {fileID: 138842}
  m_Material: {fileID: 0}
  m_IsTrigger: 0
  m_Enabled: 1
  serializedVersion: 2
  m_Size: {x: 14.841293, y: 0.63092566, z: 7.904578}
  m_Center: {x: -2.214383, y: -0.18450043, z: -1.9239788}
--- !u!1001 &100100000
Prefab:
  m_ObjectHideFlags: 1
  serializedVersion: 2
  m_Modification:
    m_TransformParent: {fileID: 0}
    m_Modifications: []
    m_RemovedComponents: []
  m_ParentPrefab: {fileID: 0}
  m_RootGameObject: {fileID: 100000}
  m_IsPrefabParent: 1
